@book{bussinessCommunication,
	author = {wtf}
	title = {Non Verbal Communication - Chapter 13 from 'Mastering Business Communication'}
}