@BOOK{ref1,
	AUTHOR =       "{Dominique Manghi Haquin y Nina Crespo}",
	TITLE = "Coutilizaci\'{o}n de recursos semi\'{o}ticos para la regulaci\'{o}n del conocimiento disciplinar. Multimodalidad e intersemiosis en el Discurso Pedagogico de Matem\'{a}tica en 1er ano de Ensenanza Media."
	PUBLISHER =    "PONTIFICIA UNIVERSIDAD CATOLICA DE VALPARAISO",
	YEAR =         "2009",
	note =     "TESIS PARA OPTAR AL GRADO DE DOCTOR EN LINGUISTICA",
}

@BOOK{ref2,
	AUTHOR =       "{Chee Wee Leong, Lei Chen, Gary Feng, Chong Min Lee and Matthew Mulholland}",
	TITLE = "Utilizing Depth Sensors for Analyzing Multimodal Presentations: Hardware, Software and Toolkits"
	PUBLISHER =    "ACM DL.",
	note =     "",
}

@BOOK{ref3,
	AUTHOR =       "{Learning Analytics}",
	TITLE = "Learning Analytics Definitions Processes Potential"
	PUBLISHER =    "LearningAnalytics.net",
	note =     "TESIS PARA OPTAR AL GRADO DE DOCTOR EN LINGUISTICA",
}

@BOOK{ref5,
	AUTHOR =       "{Phillip D. Long y George Siemens}",
	TITLE = "Penetrating the Fog: Analytics in Learning and Education"
	PUBLISHER =    "Educarse Review",
	YEAR =         "2011",
}

@BOOK{ref9,
	AUTHOR =       "{Jacobson, I., Booch, G., Rumbaugh, J.}",
	TITLE = "El proceso unificado de desarrollo de software"
	PUBLISHER =    "Addison Wesley",
	YEAR =         "2000",
}

@BOOK{ref10,
	AUTHOR =       "{Imelda Rodr\'{\i}guez Escanciano y Mar\'{\i}a Hern\'{a}ndez Herrarte}",
	TITLE = "An\'{a}lisis de la comunicaci\'{o}n no verbal de Jos\'{e} Luis Rodr\'{\i}guez Zapatero"
	PUBLISHER =    "Revista latina de la comunicaci\'{o}n social",
	YEAR =         "2010",
}

@BOOK{ref11,
	AUTHOR =       "{Kipp, M.}",
	TITLE = "Anvil - A Generic Annotation Tool for Multimodal Dialogue"
	PUBLISHER =    "Proceedings of the 7th European Conference on Speech Communication and Technology (Eurospeech)",
	YEAR =         "2001",
}

@BOOK{ref13,
	AUTHOR =       "{Kress, G. y Van Leeuwen}",
	TITLE = "Multimodal Discourse - The Modes and Media of ContemporaryCommunication"
	PUBLISHER =    "Book",
	YEAR =         "2001",
}

@BOOK{ref14,
	AUTHOR =       "{Microsoft}",
	TITLE = "Kinect for Windows - developer.microsoft.com/en-us/windows/kinect"
}





@book{bussinessCommunication,
	author = "{wtf}",
	title = "Non Verbal Communication - Chapter 13 from 'Mastering Business Communication'"
}
@book{EkmanEstudioExpresionesFaciales,
	author = "{Paul Ekman}",
	title = "Estudio Expresiones Faciales De La Emocion"
}
@book{EkmanArticulo,
	author = "{Paul Ekman}",
	title = "Los Gestos Faciales (Articulo)"
}
@book{EkmanComoDetectarMentiras,
	author = "{Paul Ekman}",
	title = "Como detectar mentiras"
}

@book{KurienBodyLanguage,
	author = "{Kurien, Daisy N (March 1, 2010)}",
	title = "Body Language: Silent Communicator at the Workplace"
}

@book{MehrabianNonVerbalCommunication,
	author = "{Albert Mehrabian}",
	title = "Nonverbal Communication. Chicago, IL Aldine Atherton."
}

@book{MondlochRelacionPosturasYGestos,
	author = "{Mondloch, Catherine J .; Nelson, Nicole L .; Horner, Mateo; Pavlova, Marina}",
	title = "Las asimetrias de Influencia: Efectos diferenciales de las posturas del cuerpo sobre la percepcion de las expresiones faciales emocionales"
}
